@MISC{cSharpLogo,
    title = {C Sharp (C#)},
    author = {Microsoft},
    year = {2020},
    url = {https://iconduck.com/icons/27153/c-sharp-c}
}

@MISC{unityLogo,
    title = {The official unity Logo},
    author = {Unity Technologies},
    year = {2021},
    url = {https://en.wikipedia.org/wiki/File:Unity_2021.svg}
}

@MISC{gridBasedParticleBased,
    title = {A Symmetric Particle-Based Simulation Scheme towards Large Scale Diffuse Fluids},
    author = {Sinuo Liu, Ben Wang, Xiaojuan Ban},
    year = {2018},
    url = {https://www.researchgate.net/figure/Schematics-of-two-methods-for-discretizing-the-flow-field-Grid-based-Euler-method_fig2_324097218}
}

@ARTICLE{DEMmethod,
    title = {Review: Calibration of the discrete element method},
    author = {C.J. Coetzee},
    year = {2017},
    url = {https://www.sciencedirect.com/science/article/pii/S0032591017300268},
}
